<?xml version="1.0" encoding="UTF-8"?><searchRetrieveResponse xmlns="http://www.loc.gov/zing/srw/" xmlns:marc="http://www.loc.gov/MARC21/slim"><version>1.2</version><numberOfRecords>1053</numberOfRecords><resultSetId>65b15102a30bdba22000c1e82209b065</resultSetId><records><record><recordIdentifier>13694531</recordIdentifier><recordPacking>xml</recordPacking><recordSchema>info:srw/schema/1/marcxml-v1.1</recordSchema><recordData><record xmlns="http://www.loc.gov/MARC21/slim"><leader>01457cas a22002895  4500</leader><controlfield tag="001">13694531</controlfield><controlfield tag="003">SE-LIBR</controlfield><controlfield tag="005">20150127171014.0</controlfield><controlfield tag="007">cr||||||||||||</controlfield><controlfield tag="008">121224c20059999xx || p o    ||    0chi d</controlfield><datafield tag="022" ind1=" " ind2=" "><subfield code="z">1006-5202</subfield></datafield><datafield tag="035" ind1=" " ind2=" "><subfield code="a">(SFX)110978984078603</subfield></datafield><datafield tag="245" ind1="1" ind2="0"><subfield code="a">电脑技术-HELLO-IT/#/電腦技術-HELLO-IT</subfield><subfield code="h">[Elektronisk resurs]</subfield></datafield><datafield tag="246" ind1=" " ind2=" "><subfield code="a">COMPUTER TECHNOLOGY</subfield></datafield><datafield tag="246" ind1=" " ind2=" "><subfield code="a">COMPUTER TECHNOLOGY-HELLO-IT</subfield></datafield><datafield tag="246" ind1=" " ind2=" "><subfield code="a">Hello</subfield></datafield><datafield tag="260" ind1=" " ind2=" "><subfield code="a">Shanghai :</subfield><subfield code="b">Shanghai Keji Jiaoyu Chubanshe</subfield></datafield><datafield tag="599" ind1=" " ind2=" "><subfield code="a">SFX</subfield></datafield><datafield tag="599" ind1=" " ind2=" "><subfield code="a">Maskinellt genererad post. Ändra kod för fullständighetsnivå (leader/17), annars kommer manuellt gjorda ändringar att försvinna.</subfield></datafield><datafield tag="650" ind1=" " ind2="7"><subfield code="a">Information Technology</subfield><subfield code="x">Computer Science (Hardware &amp; Networks)</subfield><subfield code="2">sfxc</subfield></datafield><datafield tag="776" ind1="0" ind2=" "><subfield code="t">电脑技术-HELLO-IT/#/電腦技術-HELLO-IT (Print)</subfield><subfield code="x">1006-5202</subfield></datafield><datafield tag="841" ind1=" " ind2=" "><subfield code="5">Qdig</subfield><subfield code="a">y  a</subfield><subfield code="b">141021||0000|||||001||||||000000</subfield><subfield code="e">3</subfield></datafield><datafield tag="599" ind1=" " ind2=" "><subfield code="5">Qdig</subfield><subfield code="a">SFX</subfield></datafield><datafield tag="852" ind1=" " ind2=" "><subfield code="5">Qdig</subfield><subfield code="b">Qdig</subfield></datafield><datafield tag="856" ind1="4" ind2="0"><subfield code="5">Qdig</subfield><subfield code="u">http://sfxeu11.hosted.exlibrisgroup.com/sfxumub?url_ver=Z39.88-2004&amp;ctx_ver=Z39.88-2004&amp;ctx_enc=info:ofi/enc:UTF-8&amp;rfr_id=info:sid/sfxit.com:opac_856&amp;url_ctx_fmt=info:ofi/fmt:kev:mtx:ctx&amp;sfx.ignore_date_threshold=1&amp;rft.object_id=110978984078603&amp;svc_val_fmt=info:ofi/fmt:kev:mtx:sch_svc&amp;</subfield><subfield code="z">Tillgänglig för användare vid Umeå Universitetsbiblioteket</subfield><subfield code="z">Factiva:Full Text</subfield></datafield><datafield tag="866" ind1=" " ind2=" "><subfield code="5">Qdig</subfield><subfield code="a">Available from 2005. </subfield><subfield code="z">Factiva:Full Text</subfield></datafield></record></recordData></record>