<record><recordIdentifier>8464745</recordIdentifier><recordPacking>xml</recordPacking><recordSchema>info:srw/schema/1/marcxml-v1.1</recordSchema><recordData><record xmlns="http://www.loc.gov/MARC21/slim"><leader>00962cam a22003017a 4500</leader><controlfield tag="001">8464745</controlfield><controlfield tag="003">SE-LIBR</controlfield><controlfield tag="005">20130125143927.0</controlfield><controlfield tag="008">020705s2002    xxk||||      |00| ||eng c</controlfield><datafield tag="020" ind1=" " ind2=" "><subfield code="a">1-85669-303-1</subfield></datafield><datafield tag="040" ind1=" " ind2=" "><subfield code="a">Ko</subfield></datafield><datafield tag="082" ind1="0" ind2="4"><subfield code="a">741.64</subfield><subfield code="2">22 (machine generated)</subfield></datafield><datafield tag="083" ind1="0" ind2=" "><subfield code="a">709.2</subfield><subfield code="2">22 (machine generated)</subfield></datafield><datafield tag="084" ind1=" " ind2=" "><subfield code="a">Ifr</subfield><subfield code="2">kssb/6</subfield></datafield><datafield tag="084" ind1=" " ind2=" "><subfield code="a">Ibz Eboy</subfield><subfield code="2">kssb/8</subfield></datafield><datafield tag="245" ind1="0" ind2="0"><subfield code="a">Eboy :</subfield><subfield code="b">hello /</subfield><subfield code="c">[preface: Patrick Burgoyne ; eBoy:  Steffen Sauerteig, Svend Smital, Peter Stemmler, Kai Vermehr]</subfield></datafield><datafield tag="260" ind1=" " ind2=" "><subfield code="a">London :</subfield><subfield code="b">Laurence King,</subfield><subfield code="c">2002</subfield></datafield><datafield tag="300" ind1=" " ind2=" "><subfield code="a">511 s. :</subfield><subfield code="b">huvudsakligen ill. i färg</subfield></datafield><datafield tag="500" ind1=" " ind2=" "><subfield code="a">Titel från omslag.</subfield></datafield><datafield tag="700" ind1="1" ind2=" "><subfield code="a">Burgoyne, Patrick</subfield><subfield code="4">aui</subfield></datafield><datafield tag="700" ind1="1" ind2=" "><subfield code="a">Sauerteig, Steffen</subfield><subfield code="4">ill</subfield></datafield><datafield tag="700" ind1="1" ind2=" "><subfield code="a">Smital, Svend</subfield><subfield code="4">ill</subfield></datafield><datafield tag="700" ind1="1" ind2=" "><subfield code="a">Stemmler, Peter</subfield><subfield code="4">ill</subfield></datafield><datafield tag="700" ind1="1" ind2=" "><subfield code="a">Vermehr, Kai</subfield><subfield code="4">ill</subfield></datafield><datafield tag="740" ind1="0" ind2=" "><subfield code="a">eBoy hello.</subfield></datafield><datafield tag="740" ind1="0" ind2=" "><subfield code="a">Hello eBoy.</subfield></datafield><datafield tag="841" ind1=" " ind2=" "><subfield code="5">Ko</subfield><subfield code="a">x  a</subfield><subfield code="b">020705||    |||||001|||  |000000</subfield><subfield code="e">1</subfield></datafield><datafield tag="852" ind1="8" ind2=" "><subfield code="5">Ko</subfield><subfield code="b">Ko</subfield><subfield code="h">KONST - Ibz Eboy</subfield></datafield></record></recordData></record>