<record><recordIdentifier>13597150</recordIdentifier><recordPacking>xml</recordPacking><recordSchema>info:srw/schema/1/marcxml-v1.1</recordSchema><recordData><record xmlns="http://www.loc.gov/MARC21/slim"><leader>00873cas a22003017a 4500</leader><controlfield tag="001">13597150</controlfield><controlfield tag="003">SE-LIBR</controlfield><controlfield tag="005">20121121101524.0</controlfield><controlfield tag="007">ta</controlfield><controlfield tag="008">121121c19889999enkuu p       0   a0eng  </controlfield><datafield tag="015" ind1=" " ind2=" "><subfield code="a">GB8926484</subfield><subfield code="2">bnb</subfield></datafield><datafield tag="022" ind1=" " ind2=" "><subfield code="a">0214-3887</subfield></datafield><datafield tag="035" ind1=" " ind2=" "><subfield code="a">(Uk)009201435</subfield></datafield><datafield tag="037" ind1=" " ind2=" "><subfield code="c">£0.75 per issue</subfield></datafield><datafield tag="040" ind1=" " ind2=" "><subfield code="a">Uk</subfield><subfield code="c">Uk</subfield><subfield code="d">Uk</subfield></datafield><datafield tag="050" ind1="0" ind2="0"><subfield code="a">AP4</subfield></datafield><datafield tag="082" ind1="0" ind2="4"><subfield code="a">052</subfield><subfield code="2">18</subfield></datafield><datafield tag="084" ind1=" " ind2=" "><subfield code="a">Bd-e</subfield><subfield code="2">kssb/8 (machine generated)</subfield></datafield><datafield tag="130" ind1="0" ind2=" "><subfield code="a">Hello! (London, England : 1988)</subfield></datafield><datafield tag="222" ind1=" " ind2="0"><subfield code="a">Hello!</subfield><subfield code="b">(Madrid)</subfield></datafield><datafield tag="245" ind1="0" ind2="0"><subfield code="a">Hello!.</subfield></datafield><datafield tag="260" ind1=" " ind2=" "><subfield code="a">[Spain] :</subfield><subfield code="b">Hola, S.A. ;</subfield><subfield code="a">West Drayton :</subfield><subfield code="b">Comag [distributor],</subfield><subfield code="c">1988-</subfield></datafield><datafield tag="260" ind1="3" ind2=" "><subfield code="a">London :</subfield><subfield code="b">Hello!</subfield></datafield><datafield tag="300" ind1=" " ind2=" "><subfield code="a">v. :</subfield><subfield code="b">ill., ports. ;</subfield><subfield code="c">30 cm.</subfield></datafield><datafield tag="362" ind1="0" ind2=" "><subfield code="a">No.1 (May 21, 1988)-</subfield></datafield><datafield tag="841" ind1=" " ind2=" "><subfield code="5">E</subfield><subfield code="a">x  a</subfield><subfield code="b">1211214u    8   1001uu   0901128</subfield><subfield code="e">4</subfield></datafield><datafield tag="852" ind1=" " ind2=" "><subfield code="5">E</subfield><subfield code="b">E</subfield><subfield code="h">Tidskr Övr-l Fol</subfield></datafield><datafield tag="866" ind1=" " ind2=" "><subfield code="5">E</subfield><subfield code="a">enstaka nr, nr 708 2002 ; nr 1180-1181 2011</subfield></datafield></record></recordData></record>