<record><recordIdentifier>11552350</recordIdentifier><recordPacking>xml</recordPacking><recordSchema>info:srw/schema/1/marcxml-v1.1</recordSchema><recordData><record xmlns="http://www.loc.gov/MARC21/slim"><leader>01190cmm a22003253a 4500</leader><controlfield tag="001">11552350</controlfield><controlfield tag="003">SE-LIBR</controlfield><controlfield tag="005">20090727180232.0</controlfield><controlfield tag="008">090727s1997    sw |||       |    ||swe c</controlfield><datafield tag="040" ind1=" " ind2=" "><subfield code="a">Mo</subfield></datafield><datafield tag="082" ind1="0" ind2="4"><subfield code="a">420</subfield><subfield code="2">22 (machine generated)</subfield></datafield><datafield tag="084" ind1=" " ind2=" "><subfield code="a">Fe/DO,u</subfield><subfield code="2">kssb/8</subfield></datafield><datafield tag="245" ind1="1" ind2="0"><subfield code="a">Engelska för skolbarn</subfield><subfield code="h">[Datormedium]</subfield></datafield><datafield tag="246" ind1="1" ind2="4"><subfield code="i">Titel på CD-ROM och förpackning:</subfield><subfield code="a">Hello!</subfield></datafield><datafield tag="260" ind1=" " ind2=" "><subfield code="a">Stockholm :</subfield><subfield code="b">Bonnier multimedia,</subfield><subfield code="c">cop. 1997</subfield></datafield><datafield tag="300" ind1=" " ind2=" "><subfield code="f">1 CD-ROM</subfield><subfield code="b">ljud, färg (CD-ROM)</subfield></datafield><datafield tag="500" ind1=" " ind2=" "><subfield code="a">SAMB 98-08</subfield></datafield><datafield tag="521" ind1="8" ind2=" "><subfield code="a">Svårighetsgrad: 9-12 år</subfield></datafield><datafield tag="538" ind1=" " ind2=" "><subfield code="a">Systemkrav: PC 486 SX/33 Mhz; 8 MB RAM; 5 MB på hårddisken; Windows 3.1; Soundblaster-kompatibelt ljudkort; 640 x 480 punkters färgskärm (256 färger); CD-ROM-spelare med dubbel hastighet; hörlurar eller högtalare</subfield></datafield><datafield tag="546" ind1=" " ind2=" "><subfield code="a">Instruktionerna på svenska, danska, finska, norska och engelska</subfield></datafield><datafield tag="500" ind1=" " ind2=" "><subfield code="a">Titel från titelskärmbild</subfield></datafield><datafield tag="653" ind1=" " ind2=" "><subfield code="a">Engelska</subfield></datafield><datafield tag="653" ind1=" " ind2=" "><subfield code="a">Språkvetenskap</subfield></datafield><datafield tag="655" ind1=" " ind2="4"><subfield code="a">Cd-rom</subfield></datafield><datafield tag="740" ind1="0" ind2=" "><subfield code="a">Hello!</subfield></datafield><datafield tag="841" ind1=" " ind2=" "><subfield code="5">Mo</subfield><subfield code="a">x  a</subfield><subfield code="b">090727||0000|||||001||||||000000</subfield><subfield code="e">1</subfield></datafield><datafield tag="035" ind1=" " ind2=" "><subfield code="5">Mo</subfield><subfield code="a">(Mo)b1359422</subfield></datafield><datafield tag="546" ind1=" " ind2=" "><subfield code="5">Mo</subfield><subfield code="a">svenska</subfield></datafield><datafield tag="852" ind1=" " ind2=" "><subfield code="5">Mo</subfield><subfield code="b">Mo</subfield><subfield code="h">Fe/DO,u</subfield></datafield></record></recordData></record>