<record><recordIdentifier>16576892</recordIdentifier><recordPacking>xml</recordPacking><recordSchema>info:srw/schema/1/marcxml-v1.1</recordSchema><recordData><record xmlns="http://www.loc.gov/MARC21/slim"><leader>01100cas a22002295  4500</leader><controlfield tag="001">16576892</controlfield><controlfield tag="003">SE-LIBR</controlfield><controlfield tag="005">20150127170754.0</controlfield><controlfield tag="007">cr||||||||||||</controlfield><controlfield tag="008">140603c20139999xx || p o    ||    0eng d</controlfield><datafield tag="022" ind1=" " ind2=" "><subfield code="z">0214-3887</subfield></datafield><datafield tag="035" ind1=" " ind2=" "><subfield code="a">(SFX)110978979430376</subfield></datafield><datafield tag="245" ind1="1" ind2="0"><subfield code="a">HELLO</subfield><subfield code="h">[Elektronisk resurs]</subfield></datafield><datafield tag="260" ind1=" " ind2=" "><subfield code="a">[Madrid] :</subfield><subfield code="b">Hola</subfield></datafield><datafield tag="599" ind1=" " ind2=" "><subfield code="a">SFX</subfield></datafield><datafield tag="599" ind1=" " ind2=" "><subfield code="a">Maskinellt genererad post. Ändra kod för fullständighetsnivå (leader/17), annars kommer manuellt gjorda ändringar att försvinna.</subfield></datafield><datafield tag="776" ind1="0" ind2=" "><subfield code="t">HELLO (Print)</subfield><subfield code="x">0214-3887</subfield></datafield><datafield tag="841" ind1=" " ind2=" "><subfield code="5">Qdig</subfield><subfield code="a">y  a</subfield><subfield code="b">141021||0000|||||001||||||000000</subfield><subfield code="e">3</subfield></datafield><datafield tag="599" ind1=" " ind2=" "><subfield code="5">Qdig</subfield><subfield code="a">SFX</subfield></datafield><datafield tag="852" ind1=" " ind2=" "><subfield code="5">Qdig</subfield><subfield code="b">Qdig</subfield></datafield><datafield tag="856" ind1="4" ind2="0"><subfield code="5">Qdig</subfield><subfield code="u">http://sfxeu11.hosted.exlibrisgroup.com/sfxumub?url_ver=Z39.88-2004&amp;ctx_ver=Z39.88-2004&amp;ctx_enc=info:ofi/enc:UTF-8&amp;rfr_id=info:sid/sfxit.com:opac_856&amp;url_ctx_fmt=info:ofi/fmt:kev:mtx:ctx&amp;sfx.ignore_date_threshold=1&amp;rft.object_id=110978979430376&amp;svc_val_fmt=info:ofi/fmt:kev:mtx:sch_svc&amp;</subfield><subfield code="z">Tillgänglig för användare vid Umeå Universitetsbiblioteket</subfield><subfield code="z">Factiva:Full Text</subfield></datafield><datafield tag="866" ind1=" " ind2=" "><subfield code="5">Qdig</subfield><subfield code="a">Available from 2013. </subfield><subfield code="z">Factiva:Full Text</subfield></datafield></record></recordData></record>