<record><recordIdentifier>2532370</recordIdentifier><recordPacking>xml</recordPacking><recordSchema>info:srw/schema/1/marcxml-v1.1</recordSchema><recordData><record xmlns="http://www.loc.gov/MARC21/slim"><leader>01637caa a22004577 r4500</leader><controlfield tag="001">2532370</controlfield><controlfield tag="003">SE-LIBR</controlfield><controlfield tag="005">20061129120012.0</controlfield><controlfield tag="008">011211s1995    sw            000 0 eng c</controlfield><datafield tag="035" ind1=" " ind2=" "><subfield code="9">9926667899</subfield></datafield><datafield tag="040" ind1=" " ind2=" "><subfield code="a">SKvB</subfield></datafield><datafield tag="042" ind1=" " ind2=" "><subfield code="9">SKvB</subfield></datafield><datafield tag="082" ind1="0" ind2="4"><subfield code="a">709.04074</subfield><subfield code="2">22 (machine generated)</subfield></datafield><datafield tag="083" ind1="0" ind2=" "><subfield code="a">709.2</subfield><subfield code="2">22 (machine generated)</subfield></datafield><datafield tag="084" ind1=" " ind2=" "><subfield code="a">Ibh.59</subfield><subfield code="2">kssb/6</subfield></datafield><datafield tag="084" ind1=" " ind2=" "><subfield code="a">Ibz Veilhan, Xavier</subfield><subfield code="2">kssb/6</subfield></datafield><datafield tag="084" ind1=" " ind2=" "><subfield code="a">Ibz Borg, Olle</subfield><subfield code="2">kssb/6</subfield></datafield><datafield tag="084" ind1=" " ind2=" "><subfield code="a">Ibz Simpson, Jane</subfield><subfield code="2">kssb/6</subfield></datafield><datafield tag="084" ind1=" " ind2=" "><subfield code="a">Ibz Leiderstam, Matts</subfield><subfield code="2">kssb/6</subfield></datafield><datafield tag="084" ind1=" " ind2=" "><subfield code="a">Ibz Eriksson, Annika</subfield><subfield code="2">kssb/6</subfield></datafield><datafield tag="084" ind1=" " ind2=" "><subfield code="a">Ibz Wearing, Gillian</subfield><subfield code="2">kssb/6</subfield></datafield><datafield tag="084" ind1=" " ind2=" "><subfield code="a">Ibz Isæus-Berlin, Meta</subfield><subfield code="2">kssb/6</subfield></datafield><datafield tag="100" ind1="1" ind2=" "><subfield code="a">Holm, Eva-Lotta</subfield></datafield><datafield tag="245" ind1="0" ind2="0"><subfield code="a">"Hello!".</subfield></datafield><datafield tag="505" ind1="8" ind2=" "><subfield code="a">Recension av utställningen Hello! på Andréhn-Schiptjenko</subfield></datafield><datafield tag="600" ind1="1" ind2="4"><subfield code="a">Veilhan, Xavier</subfield></datafield><datafield tag="600" ind1="1" ind2="4"><subfield code="a">Borg, Olle</subfield></datafield><datafield tag="600" ind1="1" ind2="4"><subfield code="a">Simpson, Jane</subfield></datafield><datafield tag="600" ind1="1" ind2="4"><subfield code="a">Leiderstam, Matts</subfield></datafield><datafield tag="600" ind1="1" ind2="4"><subfield code="a">Eriksson, Annika,</subfield><subfield code="d">1956-,</subfield><subfield code="c">konstnär</subfield><subfield code="0">209560</subfield></datafield><datafield tag="600" ind1="1" ind2="4"><subfield code="a">Wearing, Gillian</subfield></datafield><datafield tag="600" ind1="1" ind2="4"><subfield code="a">Isæus-Berlin, Meta,</subfield><subfield code="d">1963-</subfield><subfield code="0">63738</subfield></datafield><datafield tag="773" ind1="0" ind2=" "><subfield code="7">n  s</subfield><subfield code="t">Material (Stockholm)</subfield><subfield code="d">Stockholm : Föreningen Material, 1991-</subfield><subfield code="x">ISSN 1102-7762</subfield><subfield code="w">4111465</subfield><subfield code="g">1995 (24), s. 13 : ill.</subfield><subfield code="9">1995</subfield><subfield code="9">24</subfield><subfield code="9">13</subfield></datafield><datafield tag="841" ind1=" " ind2=" "><subfield code="5">2Dpb</subfield><subfield code="a">xa a</subfield><subfield code="b">0201080u    0   4000uu   |000000</subfield><subfield code="e">3</subfield></datafield><datafield tag="852" ind1=" " ind2=" "><subfield code="5">2Dpb</subfield><subfield code="b">2Dpb</subfield></datafield><datafield tag="866" ind1=" " ind2=" "><subfield code="5">2Dpb</subfield><subfield code="a">v.28(1996)-37/38(1999)</subfield></datafield><datafield tag="841" ind1=" " ind2=" "><subfield code="5">SKvB</subfield><subfield code="a">xa a</subfield><subfield code="b">0201080u    0   4000uu   |000000</subfield><subfield code="e">1</subfield></datafield><datafield tag="852" ind1=" " ind2=" "><subfield code="5">SKvB</subfield><subfield code="b">SKvB</subfield></datafield></record></recordData></record>