<record><recordIdentifier>10697524</recordIdentifier><recordPacking>xml</recordPacking><recordSchema>info:srw/schema/1/marcxml-v1.1</recordSchema><recordData><record xmlns="http://www.loc.gov/MARC21/slim"><leader>01973cam a22002897a 4500</leader><controlfield tag="001">10697524</controlfield><controlfield tag="003">SE-LIBR</controlfield><controlfield tag="005">20090505112151.0</controlfield><controlfield tag="008">080226s2009    xxka          001 0beng c</controlfield><datafield tag="020" ind1=" " ind2=" "><subfield code="a">978-1-84553-185-0</subfield></datafield><datafield tag="040" ind1=" " ind2=" "><subfield code="a">X</subfield></datafield><datafield tag="082" ind1="0" ind2="4"><subfield code="a">780.92</subfield><subfield code="2">22 (machine generated)</subfield></datafield><datafield tag="084" ind1=" " ind2=" "><subfield code="a">Ijz Richie, Lionel</subfield><subfield code="2">kssb/8</subfield></datafield><datafield tag="100" ind1="1" ind2=" "><subfield code="a">Davis, Sharon,</subfield><subfield code="d">1948-</subfield></datafield><datafield tag="245" ind1="1" ind2="0"><subfield code="a">Lionel Richie :</subfield><subfield code="b">Hello /</subfield><subfield code="c">Sharon Davis</subfield></datafield><datafield tag="260" ind1=" " ind2=" "><subfield code="a">London :</subfield><subfield code="b">Equinox,</subfield><subfield code="c">cop. 2009</subfield></datafield><datafield tag="490" ind1="0" ind2=" "><subfield code="a">Popular music history</subfield></datafield><datafield tag="500" ind1=" " ind2=" "><subfield code="a">Innehåller diskografi (urval)</subfield></datafield><datafield tag="505" ind1="0" ind2=" "><subfield code="a">1. Keep on dancing ; 2. Machine gun ; 3. Three times a lady ; 4. Endless love ; 5. Truly ; 6. Hello ; 7. We are the world ; 8. Dancing on the ceiling ; 9. Don't wanna lose you ; 10. Angel ; 11.  Just for you</subfield></datafield><datafield tag="520" ind1=" " ind2=" "><subfield code="a">For nearly thirty years Lionel Richie has never looked back as a performer. From fronting his group the Commodores - the premier R&amp;B pop unit of the seventies - he became the most popular singer/songwriter in the world by the eighties. A decade later he was the ultimate star entertainer with a 'nice guy' image. The Lionel Richie story is about a five-time Grammy winner who has sold more than 100 million albums worldwide. For nine consecutive years he had no. 1 singles in America, a feat matched only by Irving Berlin. It is also the story of two broken marriages, personal insecurities, near-death experiences and an insight into the man behind a success story that broke the rules. Lionel Richie is the first book written about Lionel Richie and the Commodores and draws on Sharon Davis' unique access to the Motown archive, her numerous in depth interviews with Richie as well as her time as the Commodores' publicist</subfield></datafield><datafield tag="600" ind1="0" ind2="4"><subfield code="a">Richie, Lionel</subfield></datafield><datafield tag="610" ind1="2" ind2="4"><subfield code="a">Commodores (musikgrupp)</subfield></datafield><datafield tag="841" ind1=" " ind2=" "><subfield code="5">G</subfield><subfield code="a">x  a</subfield><subfield code="b">080911||    |||||001||||||000000</subfield><subfield code="e">1</subfield></datafield><datafield tag="852" ind1=" " ind2=" "><subfield code="5">G</subfield><subfield code="b">G</subfield><subfield code="h">ÖM Ij</subfield><subfield code="j">09/54</subfield><subfield code="x">G09k</subfield></datafield><datafield tag="841" ind1=" " ind2=" "><subfield code="5">X</subfield><subfield code="a">x  a</subfield><subfield code="b">080226||    |||||001||||||000000</subfield><subfield code="e">1</subfield></datafield><datafield tag="852" ind1=" " ind2=" "><subfield code="5">X</subfield><subfield code="b">X</subfield><subfield code="j">26.144</subfield></datafield><datafield tag="876" ind1=" " ind2=" "><subfield code="5">X</subfield><subfield code="a">GBP 16.99</subfield></datafield></record></recordData></record>