<record><recordIdentifier>5727484</recordIdentifier><recordPacking>xml</recordPacking><recordSchema>info:srw/schema/1/marcxml-v1.1</recordSchema><recordData><record xmlns="http://www.loc.gov/MARC21/slim"><leader>00546nam a22001937  4500</leader><controlfield tag="001">5727484</controlfield><controlfield tag="003">SE-LIBR</controlfield><controlfield tag="008">011211s1978    xxu           000 0 eng c</controlfield><datafield tag="020" ind1=" " ind2=" "><subfield code="a">0-8112-0674-2 (inb.)</subfield></datafield><datafield tag="020" ind1=" " ind2=" "><subfield code="a">0-8112-0675-0 (hft.)</subfield></datafield><datafield tag="035" ind1=" " ind2=" "><subfield code="9">0811206742</subfield></datafield><datafield tag="040" ind1=" " ind2=" "><subfield code="a">Uh</subfield></datafield><datafield tag="100" ind1="1" ind2=" "><subfield code="a">Creely, Robert</subfield></datafield><datafield tag="245" ind1="0" ind2="0"><subfield code="a">Hello :</subfield><subfield code="b">a journal, February 29 - May 3, 1976 /</subfield><subfield code="c">Robert Creely</subfield></datafield><datafield tag="260" ind1=" " ind2=" "><subfield code="a">New York :</subfield><subfield code="b">New directions,</subfield><subfield code="c">1978</subfield></datafield><datafield tag="300" ind1=" " ind2=" "><subfield code="a">85 s.</subfield></datafield><datafield tag="841" ind1=" " ind2=" "><subfield code="5">Uh</subfield><subfield code="a">xa a</subfield><subfield code="b">0201070u    0   4000uu   |000000</subfield><subfield code="e">1</subfield></datafield><datafield tag="084" ind1=" " ind2=" "><subfield code="5">Uh</subfield><subfield code="a">Heq.03</subfield><subfield code="2">kssb/5</subfield></datafield><datafield tag="852" ind1=" " ind2=" "><subfield code="5">Uh</subfield><subfield code="b">Uh</subfield><subfield code="c">eng</subfield></datafield></record></recordData></record>