<record><recordIdentifier>13517495</recordIdentifier><recordPacking>xml</recordPacking><recordSchema>info:srw/schema/1/marcxml-v1.1</recordSchema><recordData><record xmlns="http://www.loc.gov/MARC21/slim"><leader>08628cgm a22013333a 4500</leader><controlfield tag="001">13517495</controlfield><controlfield tag="003">SE-LIBR</controlfield><controlfield tag="005">20130114133526.0</controlfield><controlfield tag="007">cr||||||||||||</controlfield><controlfield tag="007">v||||||||</controlfield><controlfield tag="008">120901s2012    sw ||| c     |s   v|eng c</controlfield><datafield tag="035" ind1=" " ind2=" "><subfield code="a">UR170810</subfield></datafield><datafield tag="040" ind1=" " ind2=" "><subfield code="a">UR</subfield><subfield code="9">UR</subfield></datafield><datafield tag="042" ind1=" " ind2=" "><subfield code="9">UR</subfield></datafield><datafield tag="046" ind1=" " ind2=" "><subfield code="a">m</subfield><subfield code="m">20120904</subfield><subfield code="n">20170731</subfield></datafield><datafield tag="082" ind1="0" ind2="4"><subfield code="a">420</subfield><subfield code="2">22 (machine generated)</subfield></datafield><datafield tag="084" ind1=" " ind2=" "><subfield code="a">Fe</subfield><subfield code="2">kssb/8</subfield></datafield><datafield tag="245" ind1="1" ind2="4"><subfield code="a">The Game</subfield><subfield code="h">[Elektronisk resurs] :</subfield><subfield code="b">Hello</subfield></datafield><datafield tag="260" ind1=" " ind2=" "><subfield code="b">Utbildningsradion,</subfield><subfield code="c">2012</subfield></datafield><datafield tag="300" ind1=" " ind2=" "><subfield code="a">TV-program</subfield></datafield><datafield tag="500" ind1=" " ind2=" "><subfield code="a">Speltid: 14 min.</subfield></datafield><datafield tag="520" ind1=" " ind2=" "><subfield code="a">Marco, Lucia och Amanda öppnar ett paket hos Amandas faster Becky. I paketet ligger spelet The Game. När de slår tärningen hamnar de plötsligt inuti spelet och möter spelledaren Jester. Nu pratar alla barnen engelska och i första rundan tematiseras hälsningsfraserna; hur säger man hej på olika sätt på engelska? Och hur säger man hej i Indien? När de hamnar på en svart ruta på spelbrädet kommer barnen till Dark Queen, en elak häxa som bor på en vind. Där är de tvungna att lösa en uppgift för klara första rundan och gå vidare till nästa.</subfield></datafield><datafield tag="521" ind1=" " ind2=" "><subfield code="a">Grundskola 0-3 (medel)</subfield></datafield><datafield tag="540" ind1=" " ind2=" "><subfield code="a">© Utbildningsradion AB (Swedish Educational Broadcasting Company)</subfield></datafield><datafield tag="599" ind1=" " ind2=" "><subfield code="a">UR created 2012-06-12 19:12:19</subfield></datafield><datafield tag="599" ind1=" " ind2=" "><subfield code="a">UR modified 2012-08-29 14:24:10</subfield></datafield><datafield tag="710" ind1="2" ind2=" "><subfield code="a">Sveriges utbildningsradio</subfield><subfield code="4">pro</subfield><subfield code="0">131896</subfield></datafield><datafield tag="856" ind1="4" ind2="8"><subfield code="u">http://www.ur.se/id/170810</subfield><subfield code="z">UR.se</subfield></datafield><datafield tag="841" ind1=" " ind2=" "><subfield code="5">Bth</subfield><subfield code="a">x  a</subfield><subfield code="b">080101||0000|||||001||||||000000</subfield><subfield code="e">1</subfield></datafield><datafield tag="852" ind1=" " ind2=" "><subfield code="5">Bth</subfield><subfield code="b">Bth</subfield></datafield><datafield tag="856" ind1="4" ind2="0"><subfield code="5">Bth</subfield><subfield code="u">http://miman.bib.bth.se/login?url=http://uraccess.se/products/170810</subfield><subfield code="z">20120904 - 20170731</subfield><subfield code="z">Online access for BTH</subfield></datafield><datafield tag="841" ind1=" " ind2=" "><subfield code="5">Ch</subfield><subfield code="a">x  a</subfield><subfield code="b">080101||0000|||||001||||||000000</subfield><subfield code="e">1</subfield></datafield><datafield tag="852" ind1=" " ind2=" "><subfield code="5">Ch</subfield><subfield code="b">Ch</subfield></datafield><datafield tag="856" ind1="4" ind2="0"><subfield code="5">Ch</subfield><subfield code="u">http://proxy.kib.ki.se/login?url=http://uraccess.se/products/170810</subfield><subfield code="z">20120904 - 20170731</subfield><subfield code="z">Endast tillgänglig för användare inom Karolinska Institutet</subfield></datafield><datafield tag="841" ind1=" " ind2=" "><subfield code="5">D</subfield><subfield code="a">x  a</subfield><subfield code="b">080101||0000|||||001||||||000000</subfield><subfield code="e">1</subfield></datafield><datafield tag="852" ind1=" " ind2=" "><subfield code="5">D</subfield><subfield code="b">D</subfield></datafield><datafield tag="856" ind1="4" ind2="0"><subfield code="5">D</subfield><subfield code="u">http://till.biblextern.sh.se/login?url=http://uraccess.se/products/170810</subfield><subfield code="z">20120904 - 20170731</subfield><subfield code="z">Access for students/staff at Södertörns högskola, SH</subfield></datafield><datafield tag="841" ind1=" " ind2=" "><subfield code="5">Gdig</subfield><subfield code="a">x  a</subfield><subfield code="b">080101||0000|||||001||||||000000</subfield><subfield code="e">1</subfield></datafield><datafield tag="852" ind1=" " ind2=" "><subfield code="5">Gdig</subfield><subfield code="b">Gdig</subfield></datafield><datafield tag="856" ind1="4" ind2="0"><subfield code="5">Gdig</subfield><subfield code="u">http://ezproxy.ub.gu.se/login?url=http://uraccess.se/products/170810</subfield><subfield code="z">20120904 - 20170731</subfield><subfield code="z">Extern access endast forskare och studenter vid GU</subfield></datafield><datafield tag="841" ind1=" " ind2=" "><subfield code="5">H</subfield><subfield code="a">x  a</subfield><subfield code="b">080101||0000|||||001||||||000000</subfield><subfield code="e">1</subfield></datafield><datafield tag="852" ind1=" " ind2=" "><subfield code="5">H</subfield><subfield code="b">H</subfield></datafield><datafield tag="856" ind1="4" ind2="0"><subfield code="5">H</subfield><subfield code="u">https://ezp.sub.su.se/login?url=http://uraccess.se/products/170810</subfield><subfield code="z">20120904 - 20170731</subfield><subfield code="z">Endast tillgänglig inom SU:s nät</subfield></datafield><datafield tag="841" ind1=" " ind2=" "><subfield code="5">Hal</subfield><subfield code="a">x  a</subfield><subfield code="b">080101||0000|||||001||||||000000</subfield><subfield code="e">1</subfield></datafield><datafield tag="852" ind1=" " ind2=" "><subfield code="5">Hal</subfield><subfield code="b">Hal</subfield></datafield><datafield tag="856" ind1="4" ind2="0"><subfield code="5">Hal</subfield><subfield code="u">http://ezproxy.bib.hh.se/login?url=http://uraccess.se/products/170810</subfield><subfield code="z">20120904 - 20170731</subfield><subfield code="z">Extern access via proxy-server endast för anställda och studenter vid Högskolan i Halmstad</subfield></datafield><datafield tag="841" ind1=" " ind2=" "><subfield code="5">Hib</subfield><subfield code="a">x  a</subfield><subfield code="b">080101||0000|||||001||||||000000</subfield><subfield code="e">1</subfield></datafield><datafield tag="852" ind1=" " ind2=" "><subfield code="5">Hib</subfield><subfield code="b">Hib</subfield></datafield><datafield tag="856" ind1="4" ind2="0"><subfield code="5">Hib</subfield><subfield code="u">http://costello.pub.hb.se/login?url=http://uraccess.se/products/170810</subfield><subfield code="z">20120904 - 20170731</subfield><subfield code="z">TV- och radioprogram</subfield></datafield><datafield tag="841" ind1=" " ind2=" "><subfield code="5">Hig</subfield><subfield code="a">x  a</subfield><subfield code="b">080101||0000|||||001||||||000000</subfield><subfield code="e">1</subfield></datafield><datafield tag="852" ind1=" " ind2=" "><subfield code="5">Hig</subfield><subfield code="b">Hig</subfield></datafield><datafield tag="856" ind1="4" ind2="0"><subfield code="5">Hig</subfield><subfield code="u">http://webproxy.student.hig.se:2048/login?url=http://uraccess.se/products/170810</subfield><subfield code="z">20120904 - 20170731</subfield><subfield code="z">Tillgänglig för studenter och anställda vid Högskolan i Gävle</subfield></datafield><datafield tag="841" ind1=" " ind2=" "><subfield code="5">Htu</subfield><subfield code="a">x  a</subfield><subfield code="b">080101||0000|||||001||||||000000</subfield><subfield code="e">1</subfield></datafield><datafield tag="852" ind1=" " ind2=" "><subfield code="5">Htu</subfield><subfield code="b">Htu</subfield></datafield><datafield tag="856" ind1="4" ind2="0"><subfield code="5">Htu</subfield><subfield code="u">http://ezproxy.server.hv.se/login?url=http://uraccess.se/products/170810</subfield><subfield code="z">20120904 - 20170731</subfield><subfield code="z">Tillgänglig för studenter och anställda vid Högskolan Väst</subfield></datafield><datafield tag="841" ind1=" " ind2=" "><subfield code="5">Jon</subfield><subfield code="a">x  a</subfield><subfield code="b">080101||0000|||||001||||||000000</subfield><subfield code="e">1</subfield></datafield><datafield tag="852" ind1=" " ind2=" "><subfield code="5">Jon</subfield><subfield code="b">Jon</subfield></datafield><datafield tag="856" ind1="4" ind2="0"><subfield code="5">Jon</subfield><subfield code="u">http://login.bibl.proxy.hj.se/login?url=http://uraccess.se/products/170810</subfield><subfield code="z">20120904 - 20170731</subfield><subfield code="z">UR access (Endast tillgänglig för forskare och studenter vid Högskolan i Jönköping)</subfield></datafield><datafield tag="841" ind1=" " ind2=" "><subfield code="5">Jslu</subfield><subfield code="a">x  a</subfield><subfield code="b">080101||0000|||||001||||||000000</subfield><subfield code="e">1</subfield></datafield><datafield tag="852" ind1=" " ind2=" "><subfield code="5">Jslu</subfield><subfield code="b">Jslu</subfield></datafield><datafield tag="856" ind1="4" ind2="0"><subfield code="5">Jslu</subfield><subfield code="u">http://uraccess.se/products/170810</subfield><subfield code="z">20120904 - 20170731</subfield><subfield code="z">Online access for SLU</subfield></datafield><datafield tag="841" ind1=" " ind2=" "><subfield code="5">Kd</subfield><subfield code="a">x  a</subfield><subfield code="b">080101||0000|||||001||||||000000</subfield><subfield code="e">1</subfield></datafield><datafield tag="852" ind1=" " ind2=" "><subfield code="5">Kd</subfield><subfield code="b">Kd</subfield></datafield><datafield tag="856" ind1="4" ind2="0"><subfield code="5">Kd</subfield><subfield code="u">https://login.bibproxy.kau.se:8443/login?url=http://uraccess.se/products/170810</subfield><subfield code="z">20120904 - 20170731</subfield><subfield code="z">UR Access</subfield></datafield><datafield tag="841" ind1=" " ind2=" "><subfield code="5">Krh</subfield><subfield code="a">x  a</subfield><subfield code="b">080101||0000|||||001||||||000000</subfield><subfield code="e">1</subfield></datafield><datafield tag="852" ind1=" " ind2=" "><subfield code="5">Krh</subfield><subfield code="b">Krh</subfield></datafield><datafield tag="856" ind1="4" ind2="0"><subfield code="5">Krh</subfield><subfield code="u">https://ezproxy.hkr.se/login?url=http://uraccess.se/products/170810</subfield><subfield code="z">20120904 - 20170731</subfield><subfield code="z">Tillgänglig inom Högskolan Kristianstad</subfield></datafield><datafield tag="841" ind1=" " ind2=" "><subfield code="5">LTUe</subfield><subfield code="a">x  a</subfield><subfield code="b">080101||0000|||||001||||||000000</subfield><subfield code="e">1</subfield></datafield><datafield tag="852" ind1=" " ind2=" "><subfield code="5">LTUe</subfield><subfield code="b">LTUe</subfield></datafield><datafield tag="856" ind1="4" ind2="0"><subfield code="5">LTUe</subfield><subfield code="u">http://proxy.lib.ltu.se/login?url=http://uraccess.se/products/170810</subfield><subfield code="z">20120904 - 20170731</subfield><subfield code="z">(Endast för användare inom LTU)</subfield></datafield><datafield tag="841" ind1=" " ind2=" "><subfield code="5">Ldig</subfield><subfield code="a">x  a</subfield><subfield code="b">080101||0000|||||001||||||000000</subfield><subfield code="e">1</subfield></datafield><datafield tag="852" ind1=" " ind2=" "><subfield code="5">Ldig</subfield><subfield code="b">Ldig</subfield></datafield><datafield tag="856" ind1="4" ind2="0"><subfield code="5">Ldig</subfield><subfield code="u">http://ludwig.lub.lu.se/login?url=http://uraccess.se/products/170810</subfield><subfield code="z">20120904 - 20170731</subfield><subfield code="z">(Endast för användare inom LU)</subfield></datafield><datafield tag="841" ind1=" " ind2=" "><subfield code="5">Li</subfield><subfield code="a">x  a</subfield><subfield code="b">080101||0000|||||001||||||000000</subfield><subfield code="e">1</subfield></datafield><datafield tag="852" ind1=" " ind2=" "><subfield code="5">Li</subfield><subfield code="b">Li</subfield></datafield><datafield tag="856" ind1="4" ind2="0"><subfield code="5">Li</subfield><subfield code="u">http://login.e.bibl.liu.se/login?url=http://uraccess.se/products/170810</subfield><subfield code="z">20120904 - 20170731</subfield><subfield code="z">Extern access endast anställda och studenter vid Liu</subfield></datafield><datafield tag="841" ind1=" " ind2=" "><subfield code="5">LnuK</subfield><subfield code="a">x  a</subfield><subfield code="b">080101||0000|||||001||||||000000</subfield><subfield code="e">1</subfield></datafield><datafield tag="852" ind1=" " ind2=" "><subfield code="5">LnuK</subfield><subfield code="b">LnuK</subfield></datafield><datafield tag="856" ind1="4" ind2="0"><subfield code="5">LnuK</subfield><subfield code="u">http://proxy.lnu.se/login?url=http://uraccess.se/products/170810</subfield><subfield code="z">20120904 - 20170731</subfield><subfield code="z">Tillgänglig för studenter och anställda vid Linnéuniversitetet</subfield></datafield><datafield tag="841" ind1=" " ind2=" "><subfield code="5">LnuV</subfield><subfield code="a">x  a</subfield><subfield code="b">080101||0000|||||001||||||000000</subfield><subfield code="e">1</subfield></datafield><datafield tag="852" ind1=" " ind2=" "><subfield code="5">LnuV</subfield><subfield code="b">LnuV</subfield></datafield><datafield tag="856" ind1="4" ind2="0"><subfield code="5">LnuV</subfield><subfield code="u">http://proxy.lnu.se/login?url=http://uraccess.se/products/170810</subfield><subfield code="z">20120904 - 20170731</subfield><subfield code="z">Tillgänglig för studenter och anställda vid Linnéuniversitetet</subfield></datafield><datafield tag="841" ind1=" " ind2=" "><subfield code="5">Mah</subfield><subfield code="a">x  a</subfield><subfield code="b">080101||0000|||||001||||||000000</subfield><subfield code="e">1</subfield></datafield><datafield tag="852" ind1=" " ind2=" "><subfield code="5">Mah</subfield><subfield code="b">Mah</subfield></datafield><datafield tag="856" ind1="4" ind2="0"><subfield code="5">Mah</subfield><subfield code="u">http://support.mah.se/login?url=http://uraccess.se/products/170810</subfield><subfield code="z">20120904 - 20170731</subfield><subfield code="z">Tillgänglig för studenter och anställda vid Malmö högskola</subfield></datafield><datafield tag="841" ind1=" " ind2=" "><subfield code="5">Mde</subfield><subfield code="a">x  a</subfield><subfield code="b">080101||0000|||||001||||||000000</subfield><subfield code="e">1</subfield></datafield><datafield tag="852" ind1=" " ind2=" "><subfield code="5">Mde</subfield><subfield code="b">Mde</subfield></datafield><datafield tag="856" ind1="4" ind2="0"><subfield code="5">Mde</subfield><subfield code="u">http://ep.bib.mdh.se/login?url=http://uraccess.se/products/170810</subfield><subfield code="z">20120904 - 20170731</subfield><subfield code="z">Tillgänglig inom högskolan och hemifrån via proxy-server för användare vid Mälardalens högskola</subfield></datafield><datafield tag="841" ind1=" " ind2=" "><subfield code="5">Mdv</subfield><subfield code="a">x  a</subfield><subfield code="b">080101||0000|||||001||||||000000</subfield><subfield code="e">1</subfield></datafield><datafield tag="852" ind1=" " ind2=" "><subfield code="5">Mdv</subfield><subfield code="b">Mdv</subfield></datafield><datafield tag="856" ind1="4" ind2="0"><subfield code="5">Mdv</subfield><subfield code="u">http://ep.bib.mdh.se/login?url=http://uraccess.se/products/170810</subfield><subfield code="z">20120904 - 20170731</subfield><subfield code="z">Tillgänglig inom högskolan och hemifrån via proxy-server för användare vid Mälardalens högskola</subfield></datafield><datafield tag="841" ind1=" " ind2=" "><subfield code="5">Mh</subfield><subfield code="a">x  a</subfield><subfield code="b">080101||0000|||||001||||||000000</subfield><subfield code="e">1</subfield></datafield><datafield tag="852" ind1=" " ind2=" "><subfield code="5">Mh</subfield><subfield code="b">Mh</subfield></datafield><datafield tag="856" ind1="4" ind2="0"><subfield code="5">Mh</subfield><subfield code="u">http://www.bib.miun.se/php/go.php?url=http://uraccess.se/products/170810</subfield><subfield code="z">20120904 - 20170731</subfield><subfield code="z">UR access. Endast tillgänglig för Mittuniversitetets forskare och studenter. (begränsad åtkomst)</subfield></datafield><datafield tag="841" ind1=" " ind2=" "><subfield code="5">O</subfield><subfield code="a">x  a</subfield><subfield code="b">080101||0000|||||001||||||000000</subfield><subfield code="e">1</subfield></datafield><datafield tag="852" ind1=" " ind2=" "><subfield code="5">O</subfield><subfield code="b">O</subfield></datafield><datafield tag="856" ind1="4" ind2="0"><subfield code="5">O</subfield><subfield code="u">http://db.ub.oru.se/login?url=http://uraccess.se/products/170810</subfield><subfield code="z">20120904 - 20170731</subfield><subfield code="z">Tillgänglig inom Örebro universitet och hemifrån via proxyserver</subfield></datafield><datafield tag="841" ind1=" " ind2=" "><subfield code="5">Q</subfield><subfield code="a">x  a</subfield><subfield code="b">080101||0000|||||001||||||000000</subfield><subfield code="e">1</subfield></datafield><datafield tag="852" ind1=" " ind2=" "><subfield code="5">Q</subfield><subfield code="b">Q</subfield></datafield><datafield tag="856" ind1="4" ind2="0"><subfield code="5">Q</subfield><subfield code="u">http://proxy.ub.umu.se/login?url=http://uraccess.se/products/170810</subfield><subfield code="z">20120904 - 20170731</subfield><subfield code="z">Online access for UmU</subfield></datafield><datafield tag="841" ind1=" " ind2=" "><subfield code="5">Skov</subfield><subfield code="a">x  a</subfield><subfield code="b">080101||0000|||||001||||||000000</subfield><subfield code="e">1</subfield></datafield><datafield tag="852" ind1=" " ind2=" "><subfield code="5">Skov</subfield><subfield code="b">Skov</subfield></datafield><datafield tag="856" ind1="4" ind2="0"><subfield code="5">Skov</subfield><subfield code="u">https://persefone.his.se/login?url=http://uraccess.se/products/170810</subfield><subfield code="z">20120904 - 20170731</subfield><subfield code="z">Tillgänglig för användare inom Högskolan i Skövde</subfield></datafield><datafield tag="841" ind1=" " ind2=" "><subfield code="5">T</subfield><subfield code="a">x  a</subfield><subfield code="b">080101||0000|||||001||||||000000</subfield><subfield code="e">1</subfield></datafield><datafield tag="852" ind1=" " ind2=" "><subfield code="5">T</subfield><subfield code="b">T</subfield></datafield><datafield tag="856" ind1="4" ind2="0"><subfield code="5">T</subfield><subfield code="u">http://focus.lib.kth.se/login?url=http://uraccess.se/products/170810</subfield><subfield code="z">20120904 - 20170731</subfield><subfield code="z">Online access for KTH</subfield></datafield><datafield tag="841" ind1=" " ind2=" "><subfield code="5">Udig</subfield><subfield code="a">x  a</subfield><subfield code="b">080101||0000|||||001||||||000000</subfield><subfield code="e">1</subfield></datafield><datafield tag="852" ind1=" " ind2=" "><subfield code="5">Udig</subfield><subfield code="b">Udig</subfield></datafield><datafield tag="856" ind1="4" ind2="0"><subfield code="5">Udig</subfield><subfield code="u">http://ezproxy.its.uu.se/login?url=http://uraccess.se/products/170810</subfield><subfield code="z">20120904 - 20170731</subfield><subfield code="z">Tillgänglig för användare inom Uppsala universitet</subfield></datafield><datafield tag="841" ind1=" " ind2=" "><subfield code="5">Z</subfield><subfield code="a">x  a</subfield><subfield code="b">080101||0000|||||001||||||000000</subfield><subfield code="e">1</subfield></datafield><datafield tag="852" ind1=" " ind2=" "><subfield code="5">Z</subfield><subfield code="b">Z</subfield></datafield><datafield tag="856" ind1="4" ind2="0"><subfield code="5">Z</subfield><subfield code="u">http://proxy.lib.chalmers.se/login?url=http://uraccess.se/products/170810</subfield><subfield code="z">20120904 - 20170731</subfield><subfield code="z">Online access for Chalmers</subfield></datafield></record></recordData></record>